@online{freecodecamp,
  author = {FreeCodeCamp},
  title = {An Introduction to HTTP: Understanding the Open Systems Interconnection Model},
  url = {https://www.freecodecamp.org/news/an-introduction-to-http-understanding-the-open-systems-interconnection-model-9dd06233d30e/},
}

@online{mdn-client-server,
  author = {Mozilla Developer Network (MDN)},
  title = {Client-Server overview},
  url = {https://developer.mozilla.org/en-US/docs/Learn/Server-side/First_steps/Client-Server_overview},
}

@book{tanenbaum,
  author = {Andrew S. Tanenbaum and David J. Wetherall},
  title = {Computer Networks},
  edition = {5},
}

@online{mdn-http,
  author = {Mozilla Developer Network (MDN)},
  title = {Basics of HTTP: Evolution of HTTP},
  url = {https://developer.mozilla.org/en-US/docs/Web/HTTP/Basics_of_HTTP/Evolution_of_HTTP},
}

@online{baeldung-http-versions,
  author = {Baeldung},
  title = {HTTP Versions},
  url = {https://www.baeldung.com/cs/http-versions},
}

@online{w3c-history,
  author = {World Wide Web Consortium (W3C)},
  title = {History of the World Wide Web},
  url = {https://www.w3.org/Protocols/History.html},
}

@online{ibm-http-protocol,
  author = {IBM},
  title = {HTTP Protocol},
  url = {https://www.ibm.com/docs/en/cics-ts/5.3?topic=concepts-http-protocol},
}

@online{tcp-ip-guide-http,
  author = {TCP/IP Guide},
  title = {HTTP - Overview, History, Versions, and Standards},
  url = {http://www.tcpipguide.com/free/t_HTTPOverviewHistoryVersionsandStandards.htm},
}
